<?xml version="1.0" encoding="UTF-8"?><collection xmlns="http://www.loc.gov/MARC21/slim"><record><leader>00710nam--2200193-u-4500</leader><controlfield tag="001">000055694</controlfield><controlfield tag="002">20161230</controlfield><controlfield tag="005">20170121235616</controlfield><controlfield tag="008">130328s1000------------r-----000-0-fre-d</controlfield><datafield ind1=" " ind2=" " tag="040"><subfield code="a">IFIN-HH</subfield></datafield><datafield ind1=" " ind2=" " tag="041"><subfield code="a">fre</subfield></datafield><datafield ind1=" " ind2=" " tag="080"><subfield code="a">539.16</subfield></datafield><datafield ind1="1" ind2=" " tag="100"><subfield code="a">Joliot-Curie, Irene</subfield></datafield><datafield ind1="1" ind2="0" tag="245"><subfield code="a">Tables annuelles de constantes et donnes numeriques</subfield><subfield code="b">Vol. 26 Physique nucleaire radioactivite naturelle, transmutations. Radioactivite artificielle. Neutrons ; isotopes, poids atomiques</subfield><subfield code="c">I. Joliot-Curie, B. Grinberg, R. Gregoire, B. Pontecorvo, J. Walen, P. Auger, N. Mayer</subfield></datafield><datafield ind1=" " ind2=" " tag="260"><subfield code="a">Paris</subfield><subfield code="b">Hermann &amp;cie, Editeurs</subfield><subfield code="c">1938</subfield></datafield><datafield ind1=" " ind2=" " tag="300"><subfield code="a">/Pag.dif.</subfield></datafield><datafield ind1="1" ind2=" " tag="700"><subfield code="a">Mayer, N</subfield></datafield><datafield ind1=" " ind2=" " tag="852"><subfield code="a">16003</subfield><subfield code="c">H.H</subfield></datafield><datafield ind1=" " ind2=" " tag="CAT"><subfield code="a">SYS</subfield><subfield code="c">20170121</subfield><subfield code="h">235616</subfield></datafield></record></collection>